@Book{ bishop:2006:PRML,
  author = 	 "Christopher M. Bishop",
  title = 	 "Pattern Recognition and Machine Learning",
  publisher = 	 "Springer",
  year = 	 "2006",
}